<?xml version="1.0" encoding="UTF-8"?><record xmlns="http://www.loc.gov/MARC21/slim" xmlns:cinclude="http://apache.org/cocoon/include/1.0" xmlns:zs="http://www.loc.gov/zing/srw/">
  <leader>00380nz  a2200121n  4500</leader>
  <controlfield tag="001">n 2011079918</controlfield>
  <controlfield tag="003">DLC</controlfield>
  <controlfield tag="005">20111117074958.0</controlfield>
  <controlfield tag="008">111116n| acannaabn          |n aaa      </controlfield>
  <datafield tag="010" ind1=" " ind2=" ">
    <subfield code="a">n 2011079918</subfield>
  </datafield>
  <datafield tag="040" ind1=" " ind2=" ">
    <subfield code="a">DLC</subfield>
    <subfield code="b">eng</subfield>
    <subfield code="c">DLC</subfield>
  </datafield>
  <datafield tag="100" ind1="1" ind2=" ">
    <subfield code="a">Schneider, Aaron,</subfield>
    <subfield code="d">1971-</subfield>
  </datafield>
  <datafield tag="670" ind1=" " ind2=" ">
    <subfield code="a">State-building and tax regimes in Central America, 2012:</subfield>
    <subfield code="b">ECIP t.p. (Aaron Schneider) data view (b. Oct. 13, 1971)</subfield>
  </datafield>
</record>